<record><leader>00000cas a2200000 a 4500</leader><controlfield tag="001">12283117</controlfield><controlfield tag="008">850719d18881889ksuwr ne      0    0eng d</controlfield><datafield ind1=" " ind2=" " tag="010"><subfield code="a">sn 85030754 </subfield></datafield><datafield ind1=" " ind2=" " tag="040"><subfield code="a">KSH</subfield><subfield code="b">eng</subfield><subfield code="c">KSH</subfield><subfield code="d">NPT</subfield><subfield code="d">OCL</subfield><subfield code="d">OCLCQ</subfield></datafield><datafield ind1=" " ind2=" " tag="042"><subfield code="a">msc</subfield></datafield><datafield ind1="0" ind2=" " tag="130"><subfield code="a">Torch light (Plevna, Kan.)</subfield></datafield><datafield ind1="1" ind2="4" tag="245"><subfield code="a">The torch light.</subfield></datafield><datafield ind1="3" ind2="0" tag="246"><subfield code="a">Torchlight</subfield></datafield><datafield ind1=" " ind2=" " tag="260"><subfield code="a">Plevna, Kan. :</subfield><subfield code="b">L.D. Abbott,</subfield><subfield code="c">1888-</subfield></datafield><datafield ind1=" " ind2=" " tag="300"><subfield code="a">v. ;</subfield><subfield code="c">51-59 cm.</subfield></datafield><datafield ind1=" " ind2=" " tag="310"><subfield code="a">Weekly</subfield></datafield><datafield ind1="0" ind2=" " tag="362"><subfield code="a">Vol. 1, no. 1 (June 14, 1888)-</subfield></datafield><datafield ind1="1" ind2=" " tag="362"><subfield code="a">Ceased with Aug. 15, 1889 issue?</subfield></datafield><datafield ind1=" " ind2=" " tag="752"><subfield code="a">United States</subfield><subfield code="b">Kansas</subfield><subfield code="c">Reno</subfield><subfield code="d">Plevna.</subfield></datafield></record>